
@article{AnI:08,
	author = {Abadie, A.L. and Imbens, G.W},
	title = {On the failure of the bootstrap for matching estimators},
	journal = {Econometrica},
	volume = 76,
	issue = 6,
	year = 2008,
	pages = {1537-1557}
}

@article{AnI:06,
	author = {Abadie, A.L. and Imbens, G.W},
	title = {Large Sample Properties of Matching Estimators for Average Treatment Effects},
	journal = {Econometrica},
	volume = 74,
	issue = 1,
	year = 2006,
	pages = {235-267}
}

@article{AnA:00,
	author = {Akritas, M. and Arnold, S.},
	journal = {Journal of the American Statistical Association},
	month = {March},
	pages = {212--226},
	title = {Asymptotics for analysis of variance when the number of levels is large},
	volume = 95,
	year = 2000
}

@article{Ana:12,
	author = {Anatolyev, S.},
	journal = {Jounral of Econometrics},
	number = 2,
	pages = {368--382},
	title = {Inference in regression models with many predictors},
	volume = 170,
	year = 2012
}

@article{AnP:04,
	author = {Akritas, M. and Papadatos, N.},
	journal = {Journal of the American Statistical Association},
	number = {466},
	pages = {368--382},
	title = {heteroscedastic one-way ANOVA and lack-of-fit tests},
	volume = 99,
	year = 2004
}

@book{AnL:06,
	author = {Athreya, K. and Lahiri, S.},
	publisher = {Springer Science},
	title = {Measure Theory and Probability Theory},
	year = 2006,	
}

@article{Bai:09,
	author = {Bai, J.},
	title = {Panel data models with interactive fixed effects},
	journal = {Econometrica},
	volume = 77,
	issue = 4,
	year = 2009,
	pages = {1229--1279}
}

@article{Bat:04,
	author = {Bathke, A.},
	journal = {Journal of Statistical Planning and Inference},
	month = dec,
	number = 2,
	pages = {413--422},
	title = {The ANOVA F test can still be used in some balanced designs with unequal variances and nonnormal data},
	volume = 126,
	year = 2004
}

@article{Ber:73,
 	author = {Berg, S.V.},
 	journal = {Annals of Economic and Social Measurement},
 	volume = 2,
 	issue = 4,
 	year = 1973,
 	pages = {501--523}
}

@article{BnF:81,
	author = {Bickel, P.J. and Freedman, D.A.},
	title = {Some Asymptotic Theory for the Bootstrap},
	journal = {The Annals of Statistics},
	year = 1981,
	volume = 9,
	issue = 6,
	pages = {1196--1217}
}

@Article{BoB:95,
  title =	 {{ANOVA} and rank tests when the number of treatments
                  is large},
  volume =	 23,
  journal =	 {Statistics \& Probability Letters},
  author =	 {D. D. Boos and C. Brownie},
  year =	 1995,
  pages =	 {183-191}
}

@book{BnD:91,
	author = {Brockwell, P.J. and Davis, R.A.},
	title = {Time Series: Theories and Methods},
	year = 1991,
	publisher = {Springer Series in Statistics}
}

@article{Cal:11,
    title = {Hypothesis testing in linear regression when k/n is large},
    volume = 165,
    number = 2,
    journal = {Journal of Econometrics},
    author = {Calhoun, G},
    year = 2011,
    pages = {163–-174}
}

@article{Can:93,
	title = {Modelling and Forecasting Exchange Rates with a Bayesian time-varying coefficient model},
	author = {Canova, F.},
	year = 1993,
	journal = {Journal of Economic Dynamics and Control},
	volume = 17,
	pages = {233--261}
}

@article{CJN:16,
	title = {Inference in linear regression models with many covariates and heteroskedasticity},
	author = {Cattaneo, MD and Jansson, M and Newey, WK},
	journal = {working paper},
	year = 2016
}

@article{CnH:12,
	title = {Testing for Smooth STructural Changes in Time Series Models Via Nonparametric Regression},
	author = {Chen, B. and Hong, Y.},
	journal = {Econometrica},
	year = 2012,
	volume = 80,
	issue = 3,
	pages = {1157–1183}
}

@article{CFR:14,
	author = {Chetty, R. and Friedman, JN. and Rockoff, JE.},
	journal = {American Economic Review},
	number = 9,
	pages = {2593--2632},
	title = {Measuring the Impacts of Teachers I: Evaluating Bias in Teacher Value-Added Estimates.},
	volume = 104,
	year = 2014
}


@article{deJ:87,
	author = {de Jong, P.},
	journal = {Probability Theory and Related Fields},
	month = June,
	pages = {261--277},
	title = {A central limit theorem for generalized quadratic forms},
	volume = 75,
	year = 1987
}

@article{DnN:90,
	author = {Diebold, F.X and Nason, J.A>},
	title = {Nonparametric Exchange Rate Prediction},
	journal = {Journal of International Economics},
	year = 1990,
	volume = 28,
	pages = {315--332}
}

@article{DLR:10,
	author = {Dube, A. and Lester, WT and Reich, M.},
	journal = {The review of economics and statistics},
	month = Nov,
	pages = {945--964},
	title = {Minimum Wage Effects Across State Borders: Estimates Using Contiguous Counties},
	volume = 92,
	issue = 4,
	year = 2010
}

@article{DnL:07,
	title = {Inference with Difference-in-Differences and Other Panel Data},
	author = {Donald, SG and Lang, K.},
	journal = {Review of Economics and Statistics},
	month = {May},
	year = 2007,
	volume = 89,
	issue =  2,
	pages =  {221--233}
}

@article{GnZ:93,
author = {Galor, Oded and Zeira, Joseph},
title = {Income Distribution and Macroeconomics},
journal = {The Review of Economic Studies},
volume = {60},
number = {1},
year = {1993},
}

@article{Hal:84,
	author = {Hall, P.},
	journal = {Journal of Multivariate Analysis},
	number = 1,
	pages = {1--16},
	title = {Central limit theorem for integrated square error of multivariate nonparametric density estimation},
	volume = 140,
	year = 1984
}

@book{Ham:94,
	author = {Hamilton, J.D.},
	title = {Time Series Analysis},
	year = 1994,
	publisher = {Princeton University Press}
}

@article{Han:07,
	abstract = {Journal of Econometrics},
	author = {Hansen, CB.},
	journal = {Journal of Econometrics},
	month = Oct,
	number = 2,
	pages = {670--694},
	title = {Generalized least squares inference in panel and multilevel models with serial correlation and fixed effects},
	volume = 140,
	year = 2007
}

@article{HaK:08,
	author = {Hausman, J and Kuersteiner, G.},
	journal = {Journal of Econometrics},
	year = 2008,
	volume = 144,
	issue = 2,
	month = June,
	pages = {371-391},
	title = {Difference in difference meets generalized least squares: Higher order properties of hypotheses tests}
}

@book{Hay:00,
	author = {Hayashi, F.},
	publisher = {Princeton University Press},
	title = {Econometrics},
	year = 2000,

}

@article{HaV:98,
title = {Instrumental Variables Methods for the Correlated Random Coefficient Model: Estimating the Average Rate of Return to Schooling When the Return is Correlated with Schooling},
author = {Heckman, J. and Vytlacil, E.},
year = {1998},
journal = {Journal of Human Resources},
volume = {33},
number = {4},
pages = {974-987},
}



@article{HnB:70,
	author = {Heyde, C.C. and Brown, B.M.},
	title = {On the departure from normality of a certain class of martingales},
	journal = {The Annals of Mathematical Statistics},
	year = 1970,
	volume = 41,
	issue = 6,
	pages = {2161-2165}
}

@book{Hsi:14,
	author = {Hsiao, C.},
	title = {Analysis of panel data: third edtiion},
	year = 2014,
	publisher = {Cambridge University Press}
}

@article{Hub:73,
	author = {Huber, P.J},
	journal = {The Annals of Statistics},
	volume = 1,
	number = 5,
	year = 1973,
	pages = {799--921},
	title = {Robust regression: asymptotics, conjectures and Monte Carlo}
}

@book{InR:15,
	author = {Imbens, G.W. and Rubin, D.B},
	title = {Causal Inference for Statistics, Social, and Biomedical Sciences},
	year = 2015,
	publisher = {Cambridge University Press}
}

@article{KaS:98,
	author = {Krusell, Per and Smith, A.A. Jr.},
	title = {Income and Wealth Heterogeneity in the Macroeconomy},
	jounral = {Journal of Political Economy},
	year = 1998,
	volume = 106,
	issue = 5,
	pages = {867--896}
}

@article{Lan:00,
	author = {Lancaster, T.},
	year = 2000,
	title = {The incidental paramter problem since 1948},
	journal = {Journal of Econometrics},
	volume = 95,
	pages = {391--413}
}

@article{LnN:12,
	author = {Lin, CC and Ng, S.},
	title = {Estimation of Panel Data Models with Parameter Heterogeneity when Group Membership is Unknown},
	journal = {Journal of Econometric Methods},
	year = 2012,
	volume = 1,
	issue = 1,
	pages = {42--55}
}

@article{LnT:94,
title = "Testing the constancy of regression parameters against continuous structural change",
journal = "Journal of Econometrics",
volume = "62",
number = "2",
pages = "211--228",
year = "1994",
author = "Chien-Fu Jeff Lin and Timo Teräsvirta",
}

@article{Mam:92,
	author = {Mammen, E.},
	title = {Bootstrap, wild bootstrap, and asymptotic normality},
	journal = {Probability Theory Related Fields},
	volume = 83,
	year = 1992,
	pages = {439--455}
}

@book{MetAl:03,
	author = {McCaffrey, D.F. and Lockwood, J.R. and Koretz, D.M. and Hamilton, L.S.},
	title = {Evaluating Value-Added Models for Teacher Accountability},
	year = 2003,
	publisher = {RAND Corporation}
}

@article{Ner:71,
	author = {Nerlove, M.},
	year =  1971,
	title = {Further evidence on the estimation of dynamic economic relations from a
time-series of cross-sections},
	journal = {Econometrica},
	volume =  39,
	pages = {359–-382}
}

@article{NaW:87,
	author = {Newey, W.K. and West, K.D.},
	title = {A simple positive semi-definite, heteroskedasticity and autocorrelation consistent covariance matrix},
	journal = {Econometrica},
	volume = 55,
	issue = 3,
	year = 1987,
	pages = {703-708}
}
@article{Nic:81,
	author = {Nickell, S},
	journal = {Econometrica},
	number = 6,
	pages = {1417--1426},
	title = {Biases in Dynamic Models with Fixed Effects},
	volume = 49,
	year = 1981
}

@article{OnY:06,
	author = {Orme, C.D. and Yamagata, T.},
	journal = {Journal of Econometrics},
	pages = {404--422},
	title = {The Asymptotic Distribution of of the F-test statistic for individual effects},
	volume = 9,
	year = 2006
}

@article{OnY:14,
	author = {Orme, C.D. and Yamagata, T.},
	title = {A Heteroskedasticity-Robust F-Test Statistic for Individual Effects},
	pages = {431--471},
	journal = {Economic Reviews},
	volume = 33,
    issue = {5-6},
	year = 2014
}

@article{OnR:16,
	author = {Taisuke Otsu and Yoshiyasu Rai},
	title = {Bootstrap inference of matching estimators for average treatment effects},
	journal = {Journal of the American Statistical Association},
	volume = {Forthcoming}
}

@article{PnM:99,
	author = {Phillips, P.C.B and Hyungsik, M.R},
	title = {Linear Regression Limit Theory for Nonstationary Panel Data},
	journal = {Econometrica},
	year = 1999,
	volume = 67,
	issue = 5,
	pages = {1057–-1111}
}

@article{Pri:05,
author = {Primiceri, Giorgio E.},
title = {Time Varying Structural Vector Autoregressions and Monetary Policy},
journal = {The Review of Economic Studies},
volume = {72},
number = {3},
pages = {821},
year = {2005},
}

@book{SnL:03,
	author = {Seber, G.A.F and Lee, A.J.},
	title = {Linear Regression Analysis, 2nd Ed.},
	year = 2003,
	publisher = {Wiley}
}

@book{SnT:95,
	author = {Shao, J. and Tu, D.},
	title = {The Jackknife and Bootstrap},
	publisher = {Springer SEries in Statistics},
	year = 1995
}

@article{SnW:08,
	author = {Stock, W. and Watson, M.W.},
	title = {Heteroskedasticity-Robust Standard Errors for Fixed Effects Panel Data Regression},
	year = 2008,
	volume = 76,
	issue = 1,
	pages = {155--174}
}

@article{SSP:16,
	author = {Su, L. and Shi, Z. and Phillips, P.C.B.},
	title = {Identifying Latent Structures in Panel Data},
	journal = {Econometrica},
	year = 2016,
	volume = 84,
	issue = 6,
	pages = {2215–-2264}
}

@book{Wol:10,
	author = {Wooldridge, JM.},
	publisher = {Massachusetts Institute of Technology},
	title = {Econometric analysis of cross section and panel data},
	year = 2010
}


@article{WnA:04,
	author = {Wang, H. and Akritas, MG.},
	journal = {Journal of Nonparametric Statistics},
	number = 3,
	pages = {563--589},
	title = {Rank tests for anova with large number of factor levels},
	volume = 16,
	year = 2004
}

@article{Whi:80,
	author = {White, H.},
	title = {A heteroskedasticity-consistent covariance matrix estimator and direct test for heteroskedasticity},
	journal = {Econometrica},
	volume = 48,
	issue = 4,
	year = 1980,
	pages = {817--838}
}

@article{Wool:05,
	author = {Wooldridge, J.M.},
	title = {Fixed-Effects and Related Estimators for Correlated-Random Coefficient and Treatment-Effect MOdels},
	journal = {The Review of Economics and Statistics},
	year = 2005,
	volume = 87,
	issue = 2,
	pages = {385--390}
}

@article{Wool:03,
author = {Wooldridge, J.M.},
title = "Further results on instrumental variables estimation of average treatment effects in the correlated random coefficient model",
journal = "Economics Letters",
volume = "79",
number = "2",
pages = "185 - 191",
year = "2003",
}

@article{Wool:05b,
 author = {Jeffrey M. Wooldridge},
 journal = {The Review of Economics and Statistics},
 number = {2},
 pages = {385-390},
 publisher = {The MIT Press},
 title = {Fixed-Effects and Related Estimators for Correlated Random-Coefficient and Treatment-Effect Panel Data Models},
 volume = {87},
 year = {2005}
}
